<?xml version="1.0" encoding="UTF-8"?><collection xmlns="http://www.loc.gov/MARC21/slim"><record><leader>00556nam--2200181-i-4500</leader><controlfield tag="001">000022151</controlfield><controlfield tag="002">20161230</controlfield><controlfield tag="005">20161230201034</controlfield><controlfield tag="008">060222s1000------------r-----000-0-eng-d</controlfield><datafield ind1=" " ind2=" " tag="040"><subfield code="a">IFIN-HH</subfield></datafield><datafield ind1=" " ind2=" " tag="080"><subfield code="a">539.12...17</subfield></datafield><datafield ind1="1" ind2=" " tag="100"><subfield code="a">Hofstadter, Robert</subfield></datafield><datafield ind1="1" ind2="0" tag="245"><subfield code="a">Electron scattering and nuclear and nucleon structure</subfield><subfield code="b">A collection of reprints with an introduction</subfield><subfield code="c">Robert hofstadter</subfield></datafield><datafield ind1=" " ind2=" " tag="260"><subfield code="a">New York</subfield><subfield code="b">W.A. Benjamin, Inc</subfield><subfield code="c">1963</subfield></datafield><datafield ind1=" " ind2=" " tag="300"><subfield code="a">XIII + 690P</subfield></datafield><datafield ind1=" " ind2=" " tag="490"><subfield code="a">Frontiers In Physics</subfield></datafield><datafield ind1=" " ind2=" " tag="852"><subfield code="a">18918</subfield><subfield code="c">539.14</subfield></datafield><datafield ind1=" " ind2=" " tag="CAT"><subfield code="a">Sys</subfield><subfield code="c">20120323</subfield><subfield code="h">095410</subfield></datafield></record></collection>